<?xml version = "1.0" encoding = "UTF-8"?><OAI-PMH xmlns="http://www.openarchives.org/OAI/2.0/" xmlns:xsi="http://www.w3.org/2001/XMLSchema-instance" xsi:schemaLocation="http://www.openarchives.org/OAI/2.0/ http://www.openarchives.org/OAI/2.0/OAI-PMH.xsd"><ListRecords><record><header><identifier>aleph-publish:011159906</identifier></header><metadata><record xmlns="http://www.ddb.de/professionell/mabxml/mabxml-1.xsd"><leader>01252vM2.01200024------h</leader><controlfield tag="LDR">01252vM2.01200024------h</controlfield><controlfield tag="FMT">MH</controlfield><datafield tag="001" ind1="-" ind2="1"><subfield code="a">BT000113394</subfield></datafield><datafield tag="002" ind1="a" ind2="1"><subfield code="a">19960905</subfield></datafield><datafield tag="003" ind1="-" ind2="1"><subfield code="a">19960905</subfield></datafield><controlfield tag="030">a|1uc||||||37</controlfield><controlfield tag="050">a|||||||||||||</controlfield><controlfield tag="051">m|||||||</controlfield><datafield tag="070" ind1="-" ind2="1"><subfield code="a">HBZ/NWBibOff</subfield></datafield><datafield tag="070" ind1="b" ind2="1"><subfield code="a">HBZ/NWBib</subfield></datafield><datafield tag="078" ind1="n" ind2="1"><subfield code="a">NWBib</subfield></datafield><datafield tag="080" ind1="-" ind2="1"><subfield code="a">60</subfield></datafield><datafield tag="100" ind1="b" ind2="1"><subfield code="p">Böller, Ulrike</subfield></datafield><datafield tag="104" ind1="b" ind2="1"><subfield code="p">Sangel, Rudi</subfield><subfield code="b">[Bearb.]</subfield></datafield><datafield tag="108" ind1="b" ind2="1"><subfield code="p">Fischer, Ferdy</subfield><subfield code="d">1936-</subfield><subfield code="b">[Red.]</subfield><subfield code="9">(DE-588)124418376</subfield></datafield><datafield tag="109" ind1="-" ind2="1"><subfield code="p">Fischer, Ferdinand</subfield><subfield code="d">1936-</subfield></datafield><datafield tag="109" ind1="-" ind2="1"><subfield code="p">Fischer, Ferdinand G. B.</subfield><subfield code="d">1936-</subfield></datafield><datafield tag="112" ind1="b" ind2="1"><subfield code="a">Cadenbach, Rolf</subfield><subfield code="b">[Bearb.]</subfield></datafield><datafield tag="331" ind1="-" ind2="1"><subfield code="a">Unser Ruhrgebiet</subfield></datafield><datafield tag="335" ind1="-" ind2="1"><subfield code="a">Arbeitsbücher für d. Sachunterricht im 3. u. 4. Schuljahr über d. Städte u. Kreise d. Ruhrgebiets</subfield></datafield><datafield tag="359" ind1="-" ind2="1"><subfield code="a">erarb. u. hrsg. von e. Arbeitskreis unter Mitw. d. Kommunalverb. Ruhrgebiet. Koordination: Ferdy Fischer.</subfield></datafield><datafield tag="410" ind1="-" ind2="1"><subfield code="a">Münster</subfield></datafield><datafield tag="412" ind1="-" ind2="1"><subfield code="a">Aschendorff</subfield></datafield><datafield tag="425" ind1="a" ind2="1"><subfield code="a">1991</subfield></datafield><datafield tag="517" ind1="-" ind2="1"><subfield code="a">Zugehörige Bände: Unser Ennepe-Ruhr-Kreis / von Ulrike Böller ... - 1991. - 131 S. : zahlr. Ill., graph. Darst., Kt. - ISBN 3-402-02763-1</subfield></datafield><datafield tag="517" ind1="-" ind2="1"><subfield code="a">Unser Kreis Unna / von Rudi Sangel. - 1991. - 132 S. : zahlr. Ill., graph. Darst., Kt. - ISBN 3-402-02772-0</subfield></datafield><datafield tag="517" ind1="-" ind2="1"><subfield code="a">Unsere Stadt Gelsenkirchen / von Rolf Cadenbach. - 2. Aufl. - 1991. - 112 S., [3] Bl. : zahlr. Ill., graph. Darst., Kt. - ISBN 3-402-02765-8</subfield></datafield><datafield tag="700" ind1="n" ind2="1"><subfield code="a">Ennepe-Ruhr-Kreis</subfield><subfield code="0">https://nwbib.de/spatial#Q11280</subfield></datafield><datafield tag="700" ind1="n" ind2="1"><subfield code="a">Kreis Unna</subfield><subfield code="0">https://nwbib.de/spatial#Q6163</subfield></datafield><datafield tag="700" ind1="n" ind2="1"><subfield code="a">Gelsenkirchen</subfield><subfield code="0">https://nwbib.de/spatial#Q2765</subfield></datafield><datafield tag="700" ind1="n" ind2="1"><subfield code="a">Ruhrgebiet</subfield><subfield code="0">https://nwbib.de/spatial#N20</subfield></datafield><datafield tag="700" ind1="n" ind2="1"><subfield code="a">Landesbeschreibungen</subfield><subfield code="0">https://nwbib.de/subjects#N102000</subfield></datafield><datafield tag="902" ind1="-" ind2="1"><subfield code="a">Ruhrgebiet</subfield><subfield code="a">Landesbeschreibungen</subfield></datafield><controlfield tag="SYS">011159906</controlfield></record></metadata></record></ListRecords></OAI-PMH>